@book{darwin,
    author = {Darwin, Charles},
    title = {{On The Origin of Species By Means Of Natural Selection}},
    year = {1859}
}

@article{bacardit08,
  title={Learning Classifier Systems in Data Mining},
  author={Bull, L. and Ester, B.M. and Holmes, J.},
  year={2008},
  publisher={Springer Publishing Company, Incorporated}
}

@ARTICLE{shankar10,
author={Shankar, A. and Louis, S.J.},
journal={Evolutionary Computation, IEEE Transactions on},
title={{XCS for Personalizing Desktop Interfaces}},
year={2010},
month={aug.},
volume={14},
number={4},
pages={547 -560},
keywords={{XCS} system;decision-tree learner;desktop interface personalization;external user-related contextual information;genetic algorithm;human-computer interaction;learning classifier system;user preferences;decision trees;genetic algorithms;human computer interaction;learning (artificial intelligence);user interfaces;},
doi={10.1109/TEVC.2009.2021466},
ISSN={1089-778X},
}

@inproceedings{kovacs00,
 author = {Kovacs, Tim},
 title = {{Strength or Accuracy? Fitness Calculation in Learning Classifier Systems}},
 booktitle = {Learning Classifier Systems, From Foundations to Applications},
 year = {2000},
 isbn = {3-540-67729-1},
 pages = {143--160},
 publisher = {Springer-Verlag},
 address = {London, UK},
 }


@article{ben08,
 author = {Ben-David,, Arie},
 title = {{Comparison of classification accuracy using Cohen's Weighted Kappa}},
 journal = {Expert Systems with Applications},
 volume = {34},
 number = {2},
 year = {2008},
 issn = {0957-4174},
 pages = {825--832},
 doi = {http://dx.doi.org/10.1016/j.eswa.2006.10.022},
 publisher = {Pergamon Press, Inc.},
 address = {Tarrytown, NY, USA},
 }

@article{kvavliakWI2010,
author = {Konstantinos N. Vavliakis and Andreas L. Symeonidis and Pericles A. Mitkas},
title = {{Towards Understanding How Personality, Motivation, and Events Trigger Web User Activity}},
journal ={IEEE/WIC/ACM International Conference on Web Intelligence and Intelligent Agent Technology},
volume = {},
isbn = {},
year = {2010},
pages = {},
doi = {},
publisher = {IEEE Computer Society},
address = {Los Alamitos, CA, USA},
}

@article{orriols2008revisiting,
  title={{Revisiting UCS: Description, fitness sharing, and comparison with xcs}},
  author={Orriols-Puig, A. and Bernad{\'o}-Mansilla, E.},
  journal={Learning Classifier Systems},
  pages={96--116},
  year={2008},
  publisher={Springer}
}



@inproceedings{butz01,
author={Martin V. Butz and  Tim Kovacs and  Pier Luca Lanzi and Stewart W. Wilson},
title={{How XCS Evolves Accurate Classifiers}},
booktitle={Proceedings of the Genetic and Evolutionary Computation Conference (GECCO-2001)},
editor={Lee Spector et al. },
publisher={Morgan Kaufmann},
pages={927--934},
month={July},
year={2001},
}


@inproceedings{orriols07,
 author = {Orriols-Puig, Albert and Goldberg, David E. and Sastry, Kumara and Bernad\'{o}-Mansilla, Ester},
 title = {{Modeling XCS in class imbalances: population size and parameter settings}},
 booktitle = {GECCO '07: Proceedings of the 9th annual conference on Genetic and evolutionary computation},
 year = {2007},
 isbn = {978-1-59593-697-4},
 pages = {1838--1845},
 location = {London, England},
 doi = {http://doi.acm.org/10.1145/1276958.1277324},
 publisher = {ACM},
 address = {New York, NY, USA},
 }


@incollection{orriols08,
  author    = {Albert Orriols-Puig and
               Ester Bernad{\'o}-Mansilla},
  title     = {{Mining Imbalanced Data with Learning Classifier Systems}},
  booktitle = {Learning Classifier Systems in Data Mining},
  year      = {2008},
  pages     = {123-145},
  ee        = {http://dx.doi.org/10.1007/978-3-540-78979-6_6},
  crossref  = {DBLP:series/sci/2008-125},
  bibsource = {DBLP, http://dblp.uni-trier.de}
}

@book{DBLP:series/sci/2008-125,
  editor    = {Larry Bull and
               Ester Bernad{\'o}-Mansilla and
               John H. Holmes},
  title     = {{Learning Classifier Systems in Data Mining}},
  booktitle = {Learning Classifier Systems in Data Mining},
  publisher = {Springer},
  series    = {Studies in Computational Intelligence},
  volume    = {125},
  year      = {2008},
  isbn      = {978-3-540-78978-9},
  ee        = {http://dx.doi.org/10.1007/978-3-540-78979-6},
  bibsource = {DBLP, http://dblp.uni-trier.de}
}


@book{goldberg02,
 author = {Goldberg, David E.},
 title = {{The  Design of Innovation: Lessons from and for Competent Genetic Algorithms}},
 year = {2002},
 isbn = {1402070985},
 publisher = {Kluwer Academic Publishers},
 address = {Norwell, MA, USA},
 }


@article{butz03,
 author = {Butz, Martin V. and Goldberg, David E. and Tharakunnel, Kurian},
 title = {{Analysis and improvement of fitness exploitation in XCS: bounding models, tournament selection, and bilateral accuracy}},
 journal = {Evol. Comput.},
 volume = {11},
 number = {3},
 year = {2003},
 issn = {1063-6560},
 pages = {239--277},
 doi = {http://dx.doi.org/10.1162/106365603322365298},
 publisher = {MIT Press},
 address = {Cambridge, MA, USA},
 }


@article{butz07,
 author = {Butz, Martin V. and Goldberg, David E. and Lanzi, Pier Luca and Sastry, Kumara},
 title = {{Problem solution sustenance in XCS: Markov chain analysis of niche support distributions and the impact on computational complexity}},
 journal = {Genetic Programming and Evolvable Machines},
 volume = {8},
 number = {1},
 year = {2007},
 issn = {1389-2576},
 pages = {5--37},
 doi = {http://dx.doi.org/10.1007/s10710-006-9012-8},
 publisher = {Kluwer Academic Publishers},
 address = {Hingham, MA, USA},
 }



@article{orriols09,
 author = {Orriols-Puig, Albert and Bernad\'{o}-Mansilla, Ester and Goldberg, David E. and Sastry, Kumara and Lanzi, Pier Luca},
 title = {{Facetwise analysis of XCS for problems with class imbalances}},
 journal = {Trans. Evol. Comp},
 volume = {13},
 number = {5},
 year = {2009},
 issn = {1089-778X},
 pages = {1093--1119},
 doi = {http://dx.doi.org/10.1109/TEVC.2009.2019829},
 publisher = {IEEE Press},
 address = {Piscataway, NJ, USA},
 }



@inproceedings{kovacs99,
    author = {Kovacs, T.},
    year = {1999},
    title = {{Deletion schemes for classifier systems}},
    editor = {Banzhaf, W. and Daida, J. and Eiben, A. E. and Garzon, M. H. and Honavar, V. and Jakiela, M. and Smith, R. E.},
    booktitle = {Proceedings of the Genetic and Evolutionary Computation Conference (GECCO-99)},
    pages = {329-336},
    publisher = {Morgan Kaufmann, San Francisco, California},
  }


@article{butz05,
 author = {Butz, Martin V. and Sastry, Kumara and Goldberg, David E.},
 title = {{Strong, Stable, and Reliable Fitness Pressure in XCS due to Tournament Selection}},
 journal = {Genetic Programming and Evolvable Machines},
 volume = {6},
 number = {1},
 year = {2005},
 issn = {1389-2576},
 pages = {53--77},
 doi = {http://dx.doi.org/10.1007/s10710-005-7619-9},
 publisher = {Kluwer Academic Publishers},
 address = {Hingham, MA, USA},
 }


@inproceedings{kovacs02,
  author    = {Tim Kovacs},
  title     = {{XCS's Strength-Based Twin: Part I}},
  booktitle = {IWLCS},
  year      = {2002},
  pages     = {61-80},
  ee        = {http://springerlink.metapress.com/openurl.asp?genre=article{\&}issn=0302-9743{\&}volume=2661{\&}spage=61},
  crossref  = {DBLP:conf/iwlcs/2002},
  bibsource = {DBLP, http://dblp.uni-trier.de}
}

@inproceedings{kovacs02a,
  author    = {Tim Kovacs},
  title     = {{XCS's Strength-Based Twin: Part II}},
  booktitle = {IWLCS},
  year      = {2002},
  pages     = {81-98},
  ee        = {http://springerlink.metapress.com/openurl.asp?genre=article{\&}issn=0302-9743{\&}volume=2661{\&}spage=81},
  crossref  = {DBLP:conf/iwlcs/2002},
  bibsource = {DBLP, http://dblp.uni-trier.de}
}


@proceedings{DBLP:conf/iwlcs/2002,
  editor    = {Pier Luca Lanzi and
               Wolfgang Stolzmann and
               Stewart W. Wilson},
  title     = {{Learning Classifier Systems, 5th International Workshop,
               IWLCS 2002, Granada, Spain, September 7-8, 2002, Revised
               Papers}},
  booktitle = {IWLCS},
  publisher = {Springer},
  series    = {Lecture Notes in Computer Science},
  volume    = {2661},
  year      = {2003},
  isbn      = {3-540-20544-6},
  bibsource = {DBLP, http://dblp.uni-trier.de}
}



@inproceedings{frank98,
 author = {Frank, Eibe and Witten, Ian H.},
 title = {{Generating Accurate Rule Sets Without Global Optimization}},
 booktitle = {ICML '98: Proceedings of the Fifteenth International Conference on Machine Learning},
 year = {1998},
 isbn = {1-55860-556-8},
 pages = {144--151},
 publisher = {Morgan Kaufmann Publishers Inc.},
 address = {San Francisco, CA, USA},
 }


@inproceedings{john95,
	author = {John, George H. and Langley, Pat},

	pages = {338--345},

	title = {{Estimating Continuous Distributions in Bayesian Classifiers}},

	year = {1995},
	booktitle = {Eleventh Conference on Uncertainty in Artificial Intelligence},
	}


@article{platt99,
 author = {Platt, John C.},
 title = {{Fast training of support vector machines using sequential minimal optimization}},
 book = {Advances in kernel methods: support vector learning},
 year = {1999},
 isbn = {0-262-19416-3},
 pages = {185--208},
 publisher = {MIT Press},
 address = {Cambridge, MA, USA},
}

@inproceedings{ boser92,
    author = {Bernhard E. Boser and Isabelle Guyon and Vladimir Vapnik},
    title = {{A Training Algorithm for Optimal Margin Classifiers}},
    booktitle = {Computational Learning Theory},
    pages = {144--152},
    year = {1992}
}

@INPROCEEDINGS{cleary95,
    author = {Cleary, John G. and Trigg, Leonard E.},
    title = {{K*: An Instance-based Learner Using an Entropic Distance Measure}},
    booktitle = {12th International Conference on Machine Learning},
    year = {1995},
    pages = {108--114},
    publisher = {Morgan Kaufmann}
}

@article{aha91,
 author = {Aha, David W. and Kibler, Dennis and Albert, Marc K.},
 title = {{Instance-Based Learning Algorithms}},
 journal = {Machine Learning},
 volume = {6},
 number = {1},
 year = {1991},
 issn = {0885-6125},
 pages = {37--66},
 doi = {http://dx.doi.org/10.1023/A:1022689900470},
 publisher = {Kluwer Academic Publishers},
 address = {Hingham, MA, USA},
 }



@PHDTHESIS{nemenyi63,
   author = {Nemenyi, P.B},
   title = {{Distribution-free multiple comparisons.}},
   school = {Princeton University},
   year = {1963},
}


@PHDTHESIS{tzima12,
   author = {Tzima, A.F.},
   title = {Learning Classifier Systems for Supervised Classification Problems.},
   school = {Aristotle University of Thessaloniki},
   year = {2012},
}


@mastersthesis{allamanis11,
   author = {Allamanis Miltiadis},
   title = {Multilabel Classification with Learning Classifier Systems.},
   type = {diploma thesis},
   school = {Aristotle University of Thessaloniki},
   year = {2011},
}

@inproceedings{DBLP:conf/icannga/allamanis13,
  author    = {Miltiadis Allamanis and
               Fani A. Tzima and
               Pericles A. Mitkas},
  title     = {Effective Rule-Based Multi-label Classification with Learning
               Classifier Systems},
  booktitle = {ICANNGA},
  year      = {2013},
  pages     = {466-476},
  ee        = {http://dx.doi.org/10.1007/978-3-642-37213-1_48},
  bibsource = {DBLP, http://dblp.uni-trier.de}
}



@article{wilcoxon45,
	author = {Wilcoxon, F.},
	title = {{Individual comparisons by ranking methods.}},
	journal = {Biometrics Bulletin},
	volume = {1},
	number = {6},
	pages = {80--83},
	year = {1945},
	}

@inproceedings{bouckaert04,
  author    = {Remco R. Bouckaert and
               Eibe Frank},
  title     = {{Evaluating the Replicability of Significance Tests for Comparing
               Learning Algorithms}},
  booktitle = {PAKDD},
  year      = {2004},
  pages     = {3-12},
  ee        = {http://springerlink.metapress.com/openurl.asp?genre=article{\&}issn=0302-9743{\&}volume=3056{\&}spage=3},
  crossref  = {DBLP:conf/pakdd/2004},
  bibsource = {DBLP, http://dblp.uni-trier.de}
}

@proceedings{DBLP:conf/pakdd/2004,
  editor    = {Honghua Dai and
               Ramakrishnan Srikant and
               Chengqi Zhang},
  title     = {{Advances in Knowledge Discovery and Data Mining, 8th Pacific-Asia
               Conference, PAKDD 2004, Sydney, Australia, May 26-28, 2004,
               Proceedings}},
  booktitle = {PAKDD},
  publisher = {Springer},
  series    = {Lecture Notes in Computer Science},
  volume    = {3056},
  year      = {2004},
  isbn      = {3-540-22064-X},
  bibsource = {DBLP, http://dblp.uni-trier.de}
}



@INPROCEEDINGS{mansilla01,
    author = { Bernad\'{o}-Mansilla, Ester and Llor\`{a}, Xavier and Garrell, Josep M.},
    title = {{XCS and GALE: a Comparative Study of Two Learning Classifier}},
    booktitle = {4th International Workshop on Learning Classifier Systems (IWLCS-2001},
    year = {2001},
    pages = {115--132},
    publisher = {Springer-Verlag},
    editor = {Lanzi, P.L. and Stolzmann, W. and Wilson, S.W.}
}

@inproceedings{bacardit07,
 author = {Bacardit, Jaume and Butz, Martin V.},
 title = {{Data mining in learning classifier systems: comparing XCS with GAssist}},
 booktitle = {IWLCS'03-05: Proceedings of the 2003-2005 international conference on Learning classifier systems},
 year = {2007},
 isbn = {978-3-540-71230-5},
 pages = {282--290},
 publisher = {Springer-Verlag},
 address = {Berlin, Heidelberg},
 }


@inproceedings{kharbat07,
 author = {Kharbat, Faten and Bull, Larry and Odeh, Mohammed},
 title = {{Mining breast cancer data with XCS}},
 booktitle = {GECCO '07: Proceedings of the 9th annual conference on Genetic and evolutionary computation},
 year = {2007},
 isbn = {978-1-59593-697-4},
 pages = {2066--2073},
 location = {London, England},
 doi = {http://doi.acm.org/10.1145/1276958.1277362},
 publisher = {ACM},
 address = {New York, NY, USA},
 }

@article{orriols2008,
 author = {Orriols-Puig, Albert and Bernad\'{o}-Mansilla, Ester},
 title = {{Evolutionary rule-based systems for imbalanced data sets}},
 journal = {Soft Computing},
 volume = {13},
 number = {3},
 year = {2008},
 issn = {1432-7643},
 pages = {213--225},
 doi = {http://dx.doi.org/10.1007/s00500-008-0319-7},
 publisher = {Springer-Verlag},
 address = {Berlin, Heidelberg},
 }



@ARTICLE{orriols2009,
author={Orriols-Puig, A. and Casillas, J. and Bernad\'{o}-Mansilla, E.},
journal={Evolutionary Computation, IEEE Transactions on},
title={{Fuzzy-UCS: A Michigan-Style Learning Fuzzy-Classifier System for Supervised Learning}},
year={2009},
month={April},
volume={13},
number={2},
pages={260--283},
}

@article{Horn1994,
 author = {Horn, Jeffrey and Goldberg, David E. and Deb, Kalyanmoy},
 title = {{Implicit niching in a learning classifier system: Nature's way}},
 journal = {Evolutionary Computation},
 volume = {2},
 number = {1},
 year = {1994},
 issn = {1063-6560},
 pages = {37--66},
 doi = {http://dx.doi.org/10.1162/evco.1994.2.1.37},
 publisher = {MIT Press},
 address = {Cambridge, MA, USA},
 }


@INPROCEEDINGS{Kovacs2000,
    author = {Tim Kovacs},
    title = {{Towards a Theory of Strong Overgeneral Classifiers}},
    booktitle = {in Foundations of Genetic Algorithms},
    year = {2000},
    pages = {165--184},
    publisher = {Morgan Kaufmann}
}

@article{cliff1994,
 author = {Cliff, Dave and Ross, Susi},
 title = {{Adding temporary memory to ZCS}},
 journal = {Adaptive Behavior},
 volume = {3},
 number = {2},
 year = {1994},
 issn = {1059-7123},
 pages = {101--150},
 doi = {http://dx.doi.org/10.1177/105971239400300201},
 publisher = {MIT Press},
 address = {Cambridge, MA, USA},
 }


@article{bernado2003,
  title={Accuracy-based learning classifier systems: models, analysis and applications to classification tasks},
  author={Bernad{\'o}-Mansilla, E. and Garrell-Guiu, J.M.},
  journal={Evolutionary Computation},
  volume={11},
  number={3},
  pages={209--238},
  year={2003},
  publisher={MIT Press}
}


@inproceedings{kovacs01,
 author = {Kovacs, Tim and Kerber, Manfred},
 title = {{What Makes a Problem Hard for XCS?}},
 booktitle = {IWLCS '00: Revised Papers from the Third International Workshop on Advances in Learning Classifier Systems},
 year = {2001},
 isbn = {3-540-42437-7},
 pages = {80--102},
 publisher = {Springer-Verlag},
 address = {London, UK},
 }


@article{frawley,
	author = {W. Frawley and G. Piatetsky-Shapiro and C. Matheus},
	title = {{Knowledge Discovery in Databases: An Overview}},
	journal = {{AI Magazine}},
	volume = {13},
	year= {1992},
	pages = {57--70}
}

@article{aguilar,
	title = {{Evolutionary Learning of Hierarchical Decision Rules}},
	author = {J.S. Aguilar-Ruiz and J.C. Riquelme and M. Toro},
	journal = {{IEEE Transactions on Systems, Man, and Cybernetics, Part B}},
	year = {2003},
	volume = {33},
	number = {2},
	pages = {324- 331},
}

@book{tan,
 author = {Pang-Ning Tan and Michael Steinbach and Vipin Kumar},
 title = {{Introduction to Data Mining, (First Edition)}},
 year = {2005},
 publisher = {Addison-Wesley Longman Publishing Co., Inc.},
 address = {Boston, MA, USA},
 }

@inbook{freitas,
	author = {Alex A. Freitas},
	title = {{Evolutionary Algorithms for Data Mining}},
	month = {January},
	year = {2005},
	pages = {435-467},
	editor = {O. Maimon and L. Rokach},
	publisher = {Springer},
	volume = {{The Data Mining and Knowledge Discovery Handbook}},
}

@book{freitasBook,
 author = {Alex A. Freitas},
 title = {{Data Mining and Knowledge Discovery with Evolutionary Algorithms}},
 year = {2002},
 publisher = {Springer-Verlag New York, Inc.},
 address = {Secaucus, NJ, USA},
 }

@article{murthy,
    author = {Sreerama K. Murthy},
    title = {{Automatic Construction of Decision Trees from Data: A Multi-Disciplinary Survey}},
    journal = {{Data Mining and Knowledge Discovery}},
    volume = {2},
    number = {4},
    pages = {345-389},
    year = {1998}
}

@book{holland,
 author = {John H. Holland},
 title = {{Adaptation in Natural and Artificial Systems: An Introductory Analysis with Applications to Biology, Control and Artificial Intelligence}},
 year = {1975},
 publisher = {University of Michigan Press},
 address = {Ann Arbor, MI, USA},
 }

@article{sigaud,
 author = {Olivier Sigaud and Stewart W. Wilson},
 title = {{Learning Classifier Systems: a survey}},
 journal = {{Soft Computing}},
 volume = {11},
 number = {11},
 year = {2007},
 issn = {1432-7643},
 pages = {1065--1078},
 doi = {http://dx.doi.org/10.1007/s00500-007-0164-0},
 publisher = {Springer-Verlag},
 address = {Berlin, Heidelberg},
 }

@article{lanzi,
	author = {Lanzi, Pier  },
	journal = {{Evolutionary Intelligence}},
	keywords = {learning\_classifier\_systems},
	number = {1},
	pages = {63--82},
	title = {{Learning Classifier Systems: Then and Now}},
	volume = {1},
	year = {2008}
}

@inproceedings{NEWBOOLE,
 author = {Pierre Bonelli and Alexandre Parodi and Sandip Sen and Stewart Wilson},
 title = {{NEWBOOLE: a fast GBML system}},
 booktitle = {{Proceedings of the 7th International Conference on Machine Learning}},
 year = {1990},
 isbn = {1-55860-141-4},
 pages = {153--159},
 location = {Austin, Texas, United States},
 publisher = {Morgan Kaufmann Publishers Inc.},
 address = {San Francisco, CA, USA},
 }

@inproceedings{bonelli,
  author    = {Pierre Bonelli and
               Alexandre Parodi},
  title     = {{An Efficient Classifier System and Its Experimental Comparison
               with Two Representative Learning Methods on Three Medical
               Domains}},
  booktitle = {{Proceedings of the 4th International Conference on Genetic
               Algorithms (ICGA)}},
  year      = {1991},
  pages     = {288-295},
  publisher = {Morgan Kaufmann},
  address 	= {San Diego, CA, USA},
  editor    = {Richard K. Belew and
               Lashon B. Booker},
}

@inproceedings{holmes1,
    author = {John H. Holmes},
    title = {{Discovering Risk of Disease with a Learning Classifier System}},
    booktitle = {{Proceedings of the 7th International Conference on Genetic Algorithms (ICGA97)}},
    publisher = {Morgan Kaufmann},
    address = {San Francisco, CA},
    editor = {Thomas B\"ack},
    year = {1997},
}

@inproceedings{holmes2,
	author		=	{Alwyn Barry and John H. Holmes and Xavier Llor\'a},
	title 		= {{Data Mining Using Learning Classifier Systems}},
	booktitle	= {{Applications of Learning Classifier Systems. Studies in Fuzziness and Soft Computing}},
	editor 		= {Larry Bull},
	year 			= {2004},
	publisher = {Springer, Heidelberg},
	pages			= {15--67},
}

@inproceedings{ holmes3,
	title = {{Rule Discovery in Epidemiologic Surveillance Data Using EpiXCS: An Evolutionary Computation Approach.}},
	author = {John H. Holmes and Jennifer A. Sager},
	booktitle = {{AIME}},
	editor = {Silvia Miksch and Jim Hunter and Elpida T. Keravnou},
	pages = {444-452},
	publisher = {Springer, Heidelberg},
	series = {{Lecture Notes in Computer Science}},
	volume = {3581},
	year = {2005},
}

@inproceedings{wilson,
  author    = {Stewart W. Wilson},
  title     = {{Mining Oblique Data with XCS}},
  booktitle = {{Advances in Learning Classifier Systems, Third International
               Workshop, IWLCS 2000, Paris, France, September 15-16, 2000,
               Revised Papers}},
  year      = {2001},
  pages     = {158-176},
  publisher = {Springer, Heidelberg},
  series    = {{Lecture Notes in Computer Science}},
  volume    = {1996},
  editor    = {Pier Luca Lanzi and Wolfgang Stolzmann and Stewart W. Wilson},
}

@inproceedings{dixon,
	 author = {Phillip William Dixon and David Corne and Martin J. Oates},
	 title = {{A Preliminary Investigation of Modified XCS as a Generic Data Mining Tool}},
	 booktitle = {{Advances in Learning Classifier Systems, 4th International Workshop, IWLCS '01, Revised Papers}},
	 year = {2002},
	 pages = {133--150},
	 publisher = {Springer-Verlag},
	 address 	 = {London, UK},
	 series    = {{Lecture Notes in Computer Science}},
	 volume    = {2321},
	 editor    = {Pier Luca Lanzi and Wolfgang Stolzmann and Stewart W. Wilson},
}

@inproceedings{saxon,
 author = {Shaun Saxon and Alwyn Barry},
 title = {{XCS and the Monk's Problems}},
 booktitle = {{Learning Classifier Systems, From Foundations to Applications}},
 year = {2000},
 pages = {223--242},
 publisher = {Springer-Verlag},
 address = {London, UK},
}

@TechReport{greenyer,
  author = {Andrew Greenyer},
  title = {{Coil 2000 Competition: The use of a learning classifier system JXCS}},
  institution = {The Database Group},
  address = {Colston Tower, Colston Street, Bristol},
  year = {2000},
}

@article{XCS,
 author = {Stewart W. Wilson},
 title = {{Classifier fitness based on accuracy}},
 journal = {{Evolutionary Computation}},
 volume = {3},
 number = {2},
 year = {1995},
 pages = {149--175},
 publisher = {MIT Press},
 address = {Cambridge, MA, USA},
 }

@article{WilsonZCS,
 author = {Stewart W. Wilson},
 title = {{ZCS: A Zeroth-level Classifier System}},
 journal = {{Evolutionary Computation}},
 volume = {2},
 number = {1},
 year = {1994},
 pages = {1--18},
 publisher = {MIT Press},
 address = {Cambridge, MA, USA},
 }

 @article{ZCSRedux,
 author = {Larry Bull and Jacob Hurst},
 title = {{ZCS redux}},
 journal = {{Evolutionary Computation}},
 volume = {10},
 number = {2},
 year = {2002},
 pages = {185--205},
 publisher = {MIT Press},
 address = {Cambridge, MA, USA},
 }

@misc{uci ,
	author = {A. Asuncion and D.J. Newman},
	year = {2010},
	title = {{UCI} Machine Learning Repository [http://archive.ics.uci.edu/ml]. {Irvine, CA: University of California, School of Information and Computer Science}},
}

@article{ WDBC,
	author = {O. L. Mangasarian and W. H. Wolberg},
	title = {{Cancer Diagnosis via Linear Programming}},
	journal = {{SIAM News}},
	volume = {23},
	number = {5},
	year = {1990},
	pages = {1 \& 18}
}
@inproceedings{llora07,
 author = {Llor\`{a}, Xavier and Reddy, Rohith and Matesic, Brian and Bhargava, Rohit},
 title = {Towards better than human capability in diagnosing prostate cancer using infrared spectroscopic imaging},
 booktitle = {GECCO '07: Proceedings of the 9th annual conference on Genetic and evolutionary computation},
 year = {2007},
 isbn = {978-1-59593-697-4},
 pages = {2098--2105},
 location = {London, England},
 doi = {http://doi.acm.org/10.1145/1276958.1277366},
 publisher = {ACM},
 address = {New York, NY, USA},
 }


@inproceedings{dam05,
 author = {Dam, Hai H. and Abbass, Hussein A. and Lokan, Chris},
 title = {{DXCS: an XCS system for distributed data mining}},
 booktitle = {GECCO '05: Proceedings of the 2005 conference on Genetic and evolutionary computation},
 year = {2005},
 isbn = {1-59593-010-8},
 pages = {1883--1890},
 location = {Washington DC, USA},
 doi = {http://doi.acm.org/10.1145/1068009.1068326},
 publisher = {ACM},
 address = {New York, NY, USA},
 }

@article{dam2008distributed,
  title={{Distributed learning classifier systems}},
  author={Dam, H. and Rojanavasu, P. and Abbass, H. and Lokan, C.},
  journal={Learning Classifier Systems in Data Mining},
  pages={69--91},
  year={2008},
  publisher={Springer}
}


@inproceedings{wilsonCR,
 author = {Stewart W. Wilson},
 title = {{Compact Rulesets from XCSI}},
 booktitle = {{IWLCS '01: Revised Papers from the 4th International Workshop on Advances in Learning Classifier Systems}},
 year = {2002},
 pages = {197--210},
 publisher = {Springer-Verlag},
 address = {London, UK},
}

@inproceedings{dixonCR,
	title = {{A Ruleset Reduction Algorithm for the XCS Learning Classifier System}},
	author = {Phillip William Dixon and Dawid Wolfe Corne and Martin John Oates},
	booktitle = {{Learning Classifier Systems, 5th International Workshop, IWLCS 2002, Granada, Spain, September 7-8, 2002, Revised Papers}},
	pages = {20-29},
	publisher = {Springer Berlin / Heidelberg},
	series = {Lecture Notes in Computer Science},
	volume = {2661},
	year = {2003},
}

@book{mitchell,
 author = {Thomas M. Mitchell},
 title = {{Machine Learning}},
 year = {1997},
 isbn = {0070428077},
 publisher = {McGraw-Hill Higher Education},
 }

 @book{quinlanC45,
 author = {J. Ross Quinlan},
 title = {{C4.5: programs for machine learning}},
 year = {1993},
 isbn = {1-55860-238-0},
 publisher = {Morgan Kaufmann Publishers Inc.},
 address = {San Francisco, CA, USA},
 }

 @article{quinlanID3,
 author = {J. R. Quinlan},
 title = {{Induction of Decision Trees}},
 journal = {{Machine Learning}},
 volume = {1},
 number = {1},
 pages = {81--106},
 publisher = {Kluwer Academic Publishers},
 address = {Hingham, MA, USA},
 year = {1986}
 }

@article{butzXCS,
  title={An algorithmic description of XCS},
  author={Butz, M. and Wilson, S.},
  journal={Advances in Learning Classifier Systems},
  pages={267--274},
  year={2001},
  publisher={Springer}
}


@article{butzXCS2,
	title = {{Toward a theory of generalization and learning in XCS}},
	author={Butz, M.V. and Kovacs, T. and Lanzi, P.L. and Wilson, S.W.},
	journal={{Evolutionary Computation, IEEE Transactions on}},
	year={2004},
	volume={8},
	number={1},
	pages={28-46},
}

@article{Friedman1937,
     title = {{The Use of Ranks to Avoid the Assumption of Normality Implicit in the Analysis of Variance}},
     author = {Milton Friedman},
     journal = {{Journal of the American Statistical Association}},
     volume = {32},
     number = {200},
     pages = {675--701},
     publisher = {American Statistical Association},
     year = {1937},
}

@article{Friedman1940,
     title = {{A Comparison of Alternative Tests of Significance for the Problem of m Rankings}},
     author = {Milton Friedman},
     journal = {{The Annals of Mathematical Statistics}},
     volume = {11},
     number = {1},
     pages = {86--92},
     publisher = {Institute of Mathematical Statistics},
     year = {1940},
}

@article{Iman,
     title = {{Approximations of the critical region of the Friedman statistic}},
     author = {R. L. Iman and J. M. Davenport},
     journal = {{Communications in Statistics}},
     volume={A9},
     number = {6},
   	 pages = {571-595},
     year = {1980},
}

@article{Holm,
	author = {S. Holm},
	year = {1979},
	title = {{A Simple Sequentially Rejective Multiple Test Procedure}},
	journal = {{Scandinavian Journal of Statistics}},
	volume = {6},
	pages = {65--70}
}

@article{Demsar,
 author = {Janez Dem\v{s}ar},
 title = {{Statistical Comparisons of Classifiers over Multiple Data Sets}},
 journal = {{Journal of Machine Learning Research}},
 volume = {7},
 year = {2006},
 pages = {1--30},
 publisher = {MIT Press},
 address = {Cambridge, MA, USA},
 }

@book{han2006data,
  title={{Data mining: concepts and techniques}},
  author={Han, J. and Kamber, M.},
  isbn={1558609016},
  year={2006},
  publisher={Morgan Kaufmann}
}

@article{tsoumakas2007multi,
  title={{Multi-label classification: An overview}},
  author={Tsoumakas, G. and Katakis, I.},
  journal={International Journal of Data Warehousing and Mining},
  volume={3},
  number={3},
  pages={1--13},
  issn={1548-3924},
  year={2007},
  publisher={Citeseer}
}

@conference{li2006empirical,
  title={{Empirical studies on multi-label classification}},
  author={Li, T. and Zhang, C. and Zhu, S.},
  booktitle={Proceedings of the 18th IEEE international conference on tools with artificial intelligence},
  pages={86--92},
  isbn={0769527280},
  year={2006},
  organization={Citeseer}
}

@book{buckland2002ai,
  title={{AI techniques for game programming}},
  author={Buckland, M.},
  isbn={193184108X},
  year={2002},
  publisher={Course Technology}
}


@book{gamma1995design,
  title={{Design patterns: elements of reusable object-oriented software}},
  author={Gamma, E. and Helm, R. and Johnson, R. and Vlissides, J.},
  volume={206},
  year={1995},
  publisher={Addison-wesley Reading, MA}
}

@article{wilson2000get,
  title={{Get real! XCS with continuous-valued inputs}},
  author={Wilson, S.},
  journal={Learning Classifier Systems},
  pages={209--219},
  year={2000},
  publisher={Springer}
}

@article{dorigo1995alecsys,
  title={{Alecsys and the AutonoMouse: Learning to control a real robot by distributed classifier systems}},
  author={Dorigo, M.},
  journal={Machine learning},
  volume={19},
  number={3},
  pages={209--240},
  issn={0885-6125},
  year={1995},
  publisher={Springer}
}

@article{bull2004towards,
  title={{Towards distributed adaptive control for road traffic junction signals using learning classifier systems}},
  author={Bull, L. and Sha'Aban, J. and Tomlinson, A. and Addison, JD and Heydecker, BG},
  journal={Applications of Learning Classifier Systems},
  year={2004},
  publisher={Springer-Verlag Berlin Heidelberg, Tiergartenstrasse 7, Postfach 10 51 60, Heidelberg, D-6900, Germany,}
}

@article{bull2007learning,
  title={{Learning classifier system ensembles with rule-sharing}},
  author={Bull, L. and Studley, M. and Bagnall, A. and Whittley, I.},
  journal={Evolutionary Computation, IEEE Transactions on},
  volume={11},
  number={4},
  pages={496--502},
  issn={1089-778X},
  year={2007},
  publisher={IEEE}
}

@article{armano2004nxcs,
  title={{NXCS experts for financial time series forecasting}},
  author={Armano, G.},
  journal={Applications of Learning Classifier Systems},
  year={2004},
  publisher={Springer-Verlag Berlin Heidelberg, Tiergartenstrasse 7, Postfach 10 51 60, Heidelberg, D-6900, Germany,}
}

@article{read2009classifier,
  title={{Classifier chains for multi-label classification}},
  author={Read, J. and Pfahringer, B. and Holmes, G. and Frank, E.},
  journal={Machine Learning and Knowledge Discovery in Databases},
  pages={254--269},
  year={2009},
  publisher={Springer}
}

@conference{marshall2006representational,
  title={{A representational ecology for learning classifier systems}},
  author={Marshall, J.A.R. and Kovacs, T.},
  booktitle={Proceedings of the 8th annual conference on Genetic and evolutionary computation},
  pages={1529--1536},
  isbn={1595931864},
  year={2006},
  organization={ACM}
}

@article{aly2005survey,
  title={{Survey on Multiclass Classification Methods}},
  author={Aly, M.},
  year={2005}
}


@article{read2010scalable,
  title={{Scalable Multi-label Classification}},
  author={Read, J.},
  year={2010},
  publisher={University of Waikato}
}

@article{lanzi2010speeding,
  title={{Speeding Up Matching in Learning Classifier Systems Using CUDA}},
  author={Lanzi, P. and Loiacono, D.},
  journal={Learning Classifier Systems},
  pages={1--20},
  year={2010},
  publisher={Springer}
}

@article{tsoumakas2010mulan,
  title={{MULAN: a java library for multi-label learning}},
  author={Tsoumakas, G. and Vilcek, J. and Spyromitros, L. and Vlahavas, I.},
  journal={Journal of Machine Learning Research},
  year={2010}
}

@article{lanzi2009xcslib,
  title={{XCSLib: The XCS classifier system library}},
  author={Lanzi, P.L. and Loiacono, D.},
  year={2009},
  publisher={Citeseer}
}

@article{zhang2007ml,
  title={{ML-KNN: A lazy learning approach to multi-label learning}},
  author={Zhang, M.L. and Zhou, Z.H.},
  journal={Pattern Recognition},
  volume={40},
  number={7},
  pages={2038--2048},
  issn={0031-3203},
  year={2007},
  publisher={Elsevier}
}

@article{tsoumakas2007random,
  title={{Random k-labelsets: An ensemble method for multilabel classification}},
  author={Tsoumakas, G. and Vlahavas, I.},
  journal={Machine Learning: ECML 2007},
  pages={406--417},
  year={2007},
  publisher={Springer}
}

@conference{read2008multi,
  title={{Multi-label classification using ensembles of pruned sets}},
  author={Read, J. and Pfahringer, B. and Holmes, G.},
  booktitle={2008 Eighth IEEE International Conference on Data Mining},
  pages={995--1000},
  issn={1550-4786},
  year={2008},
  organization={IEEE}
}

@conference{zhang2010multi,
  title={{Multi-label learning by exploiting label dependency}},
  author={Zhang, M.L. and Zhang, K.},
  booktitle={Proceedings of the 16th ACM SIGKDD international conference on Knowledge discovery and data mining},
  pages={999--1008},
  year={2010},
  organization={ACM}
}

@book{gorton2006essential,
  title={{Essential software architecture}},
  author={Gorton, I.},
  volume={14},
  year={2006},
  publisher={Springer}
}

@article{kovacs1997xcs,
  title={{XCS classifier system reliably evolves accurate, complete and minimal representations for Boolean functions}},
  author={Kovacs, T.},
  journal={COGNITIVE SCIENCE RESEARCH PAPERS-UNIVERSITY OF BIRMINGHAM CSRP},
  issn={1368-9223},
  year={1997},
  publisher={Citeseer}
}

@conference{trohidis2008multilabel,
  title={{Multilabel classification of music into emotions}},
  author={Trohidis, K. and Tsoumakas, G. and Kalliris, G. and Vlahavas, I.},
  booktitle={Proc. 9th International Conference on Music Information Retrieval (ISMIR 2008), Philadelphia, PA, USA},
  volume={2008},
  year={2008}
}

@article{boutell2004learning,
  title={{Learning multi-label scene classification* 1}},
  author={Boutell, M.R. and Luo, J. and Shen, X. and Brown, C.M.},
  journal={Pattern Recognition},
  volume={37},
  number={9},
  pages={1757--1771},
  issn={0031-3203},
  year={2004},
  publisher={Elsevier}
}

@article{elisseeff2002kernel,
  title={{Kernel methods for multi-labelled classification and categorical regression problems}},
  author={Elisseeff, A. and Weston, J.},
  journal={Advances in neural information processing systems},
  volume={14},
  pages={681--687},
  year={2002},
  publisher={Citeseer}
}

@article{diplaris2005protein,
  title={{Protein classification with multiple algorithms}},
  author={Diplaris, S. and Tsoumakas, G. and Mitkas, P. and Vlahavas, I.},
  journal={Advances in Informatics},
  pages={448--456},
  year={2005},
  publisher={Springer}
}

@conference{pestian2007shared,
  title={{A shared task involving multi-label classification of clinical free text}},
  author={Pestian, J.P. and Brew, C. and Matykiewicz, P. and Hovermale, DJ and Johnson, N. and Cohen, K.B. and Duch, W.},
  booktitle={Proceedings of the Workshop on BioNLP 2007: Biological, Translational, and Clinical Language Processing},
  pages={97--104},
  year={2007},
  organization={Association for Computational Linguistics}
}

@article{katakis2008multilabel,
  title={{Multilabel text classification for automated tag suggestion}},
  author={Katakis, I. and Tsoumakas, G. and Vlahavas, I.},
  journal={ECML PKDD Discovery Challenge},
  volume={75},
  year={2008}
}


@article{clare2001knowledge,
  title={Knowledge discovery in multi-label phenotype data},
  author={Clare, A. and King, R.},
  journal={Principles of Data Mining and Knowledge Discovery},
  pages={42--53},
  year={2001},
  publisher={Springer}
}

@article{read2009generating,
  title={Generating synthetic multi-label data streams},
  author={Read, J. and Pfahringer, B. and Holmes, G.},
  journal={LEARNING FROM MULTI-LABEL DATA AT ECML PKDD 2009},
  pages={69},
  year={2009}
}

@article{schapire2000boostexter,
  title={BoosTexter: A boosting-based system for text categorization},
  author={Schapire, R.E. and Singer, Y.},
  journal={Machine learning},
  volume={39},
  number={2},
  pages={135--168},
  year={2000},
  publisher={Springer}
}


@article{zhang2000neural,
  title={Neural networks for classification: a survey},
  author={Zhang, G.P.},
  journal={Systems, Man, and Cybernetics, Part C: Applications and Reviews, IEEE Transactions on},
  volume={30},
  number={4},
  pages={451--462},
  year={2000},
  publisher={IEEE}
}

@book{hanson1991bayesian,
  title={Bayesian classification theory},
  author={Hanson, R. and Stutz, J. and Cheeseman, P. and Ames Research Center. Artificial Intelligence Research Branch},
  year={1991},
  publisher={Citeseer}
}

@article{aha1991instance,
  title={Instance-based learning algorithms},
  author={Aha, D.W. and Kibler, D. and Albert, M.K.},
  journal={Machine learning},
  volume={6},
  number={1},
  pages={37--66},
  year={1991},
  publisher={Springer}
}

@inproceedings{boser1992training,
  title={A training algorithm for optimal margin classifiers},
  author={Boser, B.E. and Guyon, I.M. and Vapnik, V.N.},
  booktitle={Proceedings of the fifth annual workshop on Computational learning theory},
  pages={144--152},
  year={1992},
  organization={ACM}
}

@article{vens2008decision,
  title={Decision trees for hierarchical multi-label classification},
  author={Vens, C. and Struyf, J. and Schietgat, L. and D{\v{z}}eroski, S. and Blockeel, H.},
  journal={Machine Learning},
  volume={73},
  number={2},
  pages={185--214},
  year={2008},
  publisher={Springer}
}

@misc{holland1976adaptation,
  title={Adaptation, w: Progress in theoretical biology, red. R. Rosen, FM Snell},
  author={HOLLAND, J.},
  year={1976},
  publisher={New York, Plenum}
}

@article{watkins1989learning,
  title={Learning from delayed rewards},
  author={Watkins, C.J.C.H.},
  year={1989}
}


@inproceedings{yan2007,
 author = {Yan, Rong and Tesic, Jelena and Smith, John R.},
 title = {Model-shared subspace boosting for multi-label classification},
 booktitle = {Proceedings of the 13th ACM SIGKDD international conference on Knowledge discovery and data mining},
 series = {KDD '07},
 year = {2007},
 isbn = {978-1-59593-609-7},
 location = {San Jose, California, USA},
 pages = {834--843},
 doi = {http://doi.acm.org/10.1145/1281192.1281281},
 publisher = {ACM},
 address = {New York, NY, USA},
}


@incollection{raez2004,
    address = {Berlin, Heidelberg},
    author = {R\'{a}ez, Arturo M. and L\'{o}pez, Lu\'{\i}s A. and Steinberger, Ralf},
    booktitle = {Advances in Natural Language Processing},
    chapter = {1},
    doi = {10.1007/978-3-540-30228-5\_1},
    editor = {Vicedo, Jos\'{e} L. and Mart\'{\i}nez-Barco, Patricio and Mu\~{n}oz, Rafael and Saiz Noeda, Maximiliano},
    isbn = {978-3-540-23498-2},
    pages = {1--12},
    publisher = {Springer Berlin / Heidelberg},
    series = {Lecture Notes in Computer Science},
    title = {{Adaptive Selection of Base Classifiers in One-Against-All Learning for Large Multi-labeled Collections}},
    volume = {3230},
    year = {2004}
}


@incollection{holland78,
  address = {New York},
  author = {J. H. Holland and J. S. Reitman},
  booktitle = {Pattern directed inference systems},
  editor = {D. A. Waterman and F. Hayes-Roth},
  pages = {313--329},
  publisher = {Academic Press},
  title = {Cognitive systems based on adaptive algorithms},
  year = 1978
}

@inproceedings{2000697,
author={James Marshall and  Gavin Brown and Tim Kovacs},
title={Bayesian Estimation of Rule Accuracy in UCS},
booktitle={Proceedings of the 2007 GECCO Conference Companion on Genetic and Evolutionary Computation},
publisher={ACM Press},
pages={2831--2834},
month={July},
year={2007},
abstract={Learning Classifier Systems differ from many other classification techniques, in that new rules are constantly discovered and evaluated. This feature of LCS gives rise to an important problem, how to deal with estimates of rule accuracy that are unreliable due to the small number of performance samples available. In this paper we highlight the importance of this problem for LCS, summarise previous heuristic approaches to the problem, and propose instead the use of principles from Bayesian estimation. In particular we argue that discounting estimates of accuracy based on inexperience must be recognised as a crucially important part of the specification of LCS, and must be well motivated. We present experimental results on using the Bayesian approach to discounting, consider how to estimate the parameters for it, and identify benefits of its use for other areas of LCS.},
abstract-url={http://www.cs.bris.ac.uk/Publications/pub_master.jsp?id=2000697},
url={http://www.cs.bris.ac.uk/Publications/Papers/2000697.pdf},
keyword={Artificial Intelligence,Machine Learning},
pubtype={102}
}

@book{weka,
     author = {Witten, Ian H. and Frank, Eibe},
      title = {Data Mining: Practical Machine Learning Tools and Techniques (2nd Edition)},
       year = {2005},
  publisher = {Morgan Kaufmann},
    address = {San Francisco}
}



@article{zhang2006,
 author = {Zhang, Min-Ling and Zhou, Zhi-Hua},
 title = {Multilabel Neural Networks with Applications to Functional Genomics and Text Categorization},
 journal = {IEEE Transactions on Knowledge and Data Engineering},
 volume = {18},
 issue = {10},
 month = {October},
 year = {2006},
 issn = {1041-4347},
 pages = {1338--1351},
 doi = {http://dx.doi.org/10.1109/TKDE.2006.162},
 publisher = {IEEE Educational Activities Department},
 address = {Piscataway, NJ, USA}
}

@article{Tzima2010a,
author = {Fani A. Tzima and Pericles A. Mitkas},
title = {Strength-based learning classifier systems revisited: effective rule evolution in supervised classification tasks},
journal = {Engineering Applications of Artificial Intelligence},
volume = {20},
number = {2},
pages = {818-832},
year = {2013},
url = {http://dx.doi.org/10.1016/j.engappai.2012.09.022},
note = {},
issn = {0952-1976},
keywords = {Learning classifier systems (LCS)},
keywords = {Strength-based fitness},
keywords = {Accuracy-based fitness},
keywords = {Supervised learning},
keywords = {Pattern classification}
}

@article{Tzima2010b,
author = {Fani A. Tzima and John B. Theocharis and Pericles A. Mitkas},
title = {Clustering-based initialization of Learning Classifier Systems. Effects on model performance, readability and induction time.},
journal = {Soft Computing - A Fusion of Foundations, Methodologies and Applications},
publisher = {Springer Berlin / Heidelberg},
issn = {1432-7643},
keyword = {Engineering},
pages = {1267-1286},
volume = {16},
issue = {7},
url = {http://dx.doi.org/10.1007/s00500-012-0811-y},
note = {10.1007/s00500-012-0811-y},
year = {2012},
doi ={10.1007/s00500-012-0811-y}
}
